@article{atva14,
  author    = {Tomáš Brázdil and
               Krishnendu Chatterjee and
               Martin Chmelik and
               Vojtech Forejt and
               Jan Křetínský and
               Marta Z. Kwiatkowska and
               David Parker and
               Mateusz Ujma},
  title     = {Verification of Markov Decision Processes using Learning Algorithms},
  journal   = {CoRR},
  volume    = {abs/1402.2967},
  year      = {2014},
  url       = {http://arxiv.org/abs/1402.2967},
  timestamp = {Wed, 07 Jun 2017 14:40:16 +0200},
  biburl    = {http://dblp.uni-trier.de/rec/bib/journals/corr/BrazdilCCFKKPU14}
}

@inproceedings{MarsRover,
 author = {Bresina, John and Dearden, Richard and Meuleau, Nicolas and Ramakrishnan, Sailesh and Smith, David and washington, Rich},
 title = {Planning Under Continuous Time and Resource Uncertainty: A Challenge for AI},
 booktitle = {Proceedings of the Eighteenth Conference on Uncertainty in Artificial Intelligence},
 series = {UAI'02},
 year = {2002},
 isbn = {1-55860-897-4},
 location = {Alberta, Canada},
 pages = {77--84},
 numpages = {8},
 acmid = {2073886},
 publisher = {Morgan Kaufmann Publishers Inc.},
 address = {San Francisco, CA, USA},
}

@MISC{MonteCarloGo,
    author = {Bernd Brügmann},
    title = {Monte Carlo Go},
    location = {München, Germany},
    year = {1993}
}

@inproceedings{MonteCarloGoDevel,
    author = {Bouzy B., Helmstetter B.},
    year = {2004},
    title = {Monte-Carlo Go Developments},
    booktitle = {Van Den Herik H.J., Iida H., Heinz E.A. (eds) Advances
                 in Computer Games. IFIP — The International Federation
                 for Information Processing, vol. 135},
    publisher = {Springer, Boston, MA}
}


@inproceedings{Coulom,
 author = {Coulom, R{\'e}mi},
 title = {Efficient Selectivity and Backup Operators in Monte-Carlo Tree Search},
 booktitle = {Proceedings of the 5th International Conference on Computers and Games},
 series = {CG'06},
 year = {2007},
 isbn = {978-3-540-75537-1},
 location = {Turin, Italy},
 pages = {72--83},
 numpages = {12},
 url = {http://dl.acm.org/citation.cfm?id=1777826.1777833},
 acmid = {1777833},
 publisher = {Springer-Verlag},
 address = {Berlin, Heidelberg}
}


@inproceedings{Kocsis,
 author = {Kocsis, Levente and Szepesv\'{a}ri, Csaba},
 title = {Bandit Based Monte-carlo Planning},
 booktitle = {Proceedings of the 17th European Conference on Machine Learning},
 series = {ECML'06},
 year = {2006},
 isbn = {978-3-540-45375-8},
 location = {Berlin, Germany},
 pages = {282--293},
 numpages = {12},
 url = {http://dx.doi.org/10.1007/11871842_29},
 doi = {10.1007/11871842_29},
 acmid = {2091633},
 publisher = {Springer-Verlag},
 address = {Berlin, Heidelberg}
}

@ARTICLE{alphago,
   author = {{Silver}, D. and {Huang}, A. and {Maddison}, C.~J. and {Guez}, A. and
	{Sifre}, L. and {van den Driessche}, G. and {Schrittwieser}, J. and
	{Antonoglou}, I. and {Panneershelvam}, V. and {Lanctot}, M. and
	{Dieleman}, S. and {Grewe}, D. and {Nham}, J. and {Kalchbrenner}, N. and
	{Sutskever}, I. and {Lillicrap}, T. and {Leach}, M. and {Kavukcuoglu}, K. and
	{Graepel}, T. and {Hassabis}, D.},
    title = "{Mastering the game of Go with deep neural networks and tree search}",
  journal = {Nature},
     year = 2016,
    month = jan,
   volume = 529,
    pages = {484-489},
      doi = {10.1038/nature16961}
}

@article{mcts_survey,
author = {Browne, Cameron and Powley, Edward and Whitehouse, Daniel and Lucas, Simon and Cowling, Peter and Rohlfshagen, Philipp and Tavener, Stephen and Perez, Diego and Samothrakis, Spyridon and Colton, Simon},
year = {2012},
month = {03},
pages = {1-43},
title = {A Survey of Monte Carlo Tree Search Methods},
volume = {4:1},
booktitle = {IEEE Transactions on Computational Intelligence and AI in Games}
}

@inproceedings{prism,
author={M. Kwiatkowska and G. Norman and D. Parker},
title={{PRISM} 4.0: Verification of Probabilistic Real-time Systems},
booktitle={Proc. 23rd International Conference on Computer Aided Verification (CAV'11)},
year={2011},

editor={G. Gopalakrishnan and S. Qadeer},
pages={585--591},
organization={},
publisher={Springer},
series={LNCS},
volume={6806},
address={},
month={},
note={},
key={}
}

@Article{ReactiveModules,
author={R. Alur and T. Henzinger},
title={Reactive Modules},
journal={Formal Methods in System Design},
year={1999},

volume={15},
number={1},
pages={7--48},
month={},
note={},
key={}
}

@Online{prism_lang, title = {PRISM Manual | The PRISM Language / Introduction}, author = {}, organization = {}, file = {:./references/PRISM Manual | The PRISM Language / Introduction.html:html}, url = {http://www.prismmodelchecker.org/manual/ThePRISMLanguage/Introduction}, urldate = {2017-10-17} }

@inproceedings{profit_brtdp,
 author = {McMahan, H. Brendan and Likhachev, Maxim and Gordon, Geoffrey J.},
 title = {Bounded Real-time Dynamic Programming: RTDP with Monotone Upper Bounds and Performance Guarantees},
 booktitle = {Proceedings of the 22Nd International Conference on Machine Learning},
 series = {ICML '05},
 year = {2005},
 isbn = {1-59593-180-5},
 location = {Bonn, Germany},
 pages = {569--576},
 numpages = {8},
 url = {http://doi.acm.org/10.1145/1102351.1102423},
 doi = {10.1145/1102351.1102423},
 acmid = {1102423},
 publisher = {ACM},
 address = {New York, NY, USA},
}

@InProceedings{forejt,
author={V. Forejt and M. Kwiatkowska and G. Norman and D. Parker},
title={Automated Verification Techniques for Probabilistic Systems},
booktitle={Formal Methods for Eternal Networked Software Systems (SFM'11)},
year={2011},

editor={M. Bernardo and V. Issarny},
pages={53--113},
organization={},
publisher={Springer},
series={LNCS},
volume={6659},
address={},
month={},
note={},
key={}
}

@article{bellman,
author = {Bellman, Richard},
year = {1957},
month = {04},
pages = {15},
title = {A Markovian Decision Process},
volume = {6},
booktitle = {Indiana University Mathematics Journal}
}

@INPROCEEDINGS{smc,
author={D. Henriques and J. G. Martins and P. Zuliani and A. Platzer and E. M. Clarke},
booktitle={2012 Ninth International Conference on Quantitative Evaluation of Systems},
title={Statistical Model Checking for Markov Decision Processes},
year={2012},
volume={},
number={},
pages={84-93},
keywords={Markov processes;formal verification;learning (artificial intelligence);sampling methods;statistical analysis;temporal logic;BLTL;MDP;Markov decision process;PRISM simulation framework;SMC;bounded linear temporal logic;probabilistic Markov chain;probability;reinforcement learning;sampling;statistical model checking;symbolic algorithm;verification technique;Computational modeling;Heuristic algorithms;Markov processes;Optimization;Probabilistic logic;Probability;Approximate Planning;Bounded Linear Temporal Logic;Markov Decision Processes;Statistical Model Checking},
doi={10.1109/QEST.2012.19},
ISSN={},
month={09},}

@unpublished{symbolic_parker,
           title = {Implementation of symbolic model checking for probabilistic systems},
          school = {University of Birmingham},
          author = {David Anthony Parker},
            year = {2003},
             url = {http://etheses.bham.ac.uk/229/}
}

@inproceedings{mcts_vs_chess,
 author = {Ramanujan, Raghuram and Sabharwal, Ashish and Selman, Bart},
 title = {On Adversarial Search Spaces and Sampling-based Planning},
 booktitle = {Proceedings of the Twentieth International Conference on International Conference on Automated Planning and Scheduling},
 series = {ICAPS'10},
 year = {2010},
 location = {Toronto, Ontario, Canada},
 pages = {242--245},
 numpages = {4},
 url = {http://dl.acm.org/citation.cfm?id=3037334.3037370},
 acmid = {3037370},
 publisher = {AAAI Press},
}

@article{arimaa, title={Game Over, Arimaa}, volume={38},
    DOI={10.3233/icg-2015-38108}, number={1}, journal={ICGA Journal},
    author={Lewis, Andy}, year={2015}, month={01}, pages={55–62}}

@mastersthesis{jakl, title={Arimaa challenge - comparission study of
    MCTS versus alpha-beta methods}, author={Jakl, Tomáš}, year={2011},
    document_type     = {Bachelor's Thesis},
    type              = {Bachelor Thesis},
}
